<?xml version="1.0" encoding="UTF-8"?><collection xmlns="http://www.loc.gov/MARC21/slim"><record><leader>00363nam--2200133-i-4500</leader><controlfield tag="001">000045605</controlfield><controlfield tag="002">20161230</controlfield><controlfield tag="005">20161230201045</controlfield><controlfield tag="008">060222s1000------------r-----000-0-eng-d</controlfield><datafield ind1=" " ind2=" " tag="100"><subfield code="a">Townes C.H., Kisliuk P</subfield></datafield><datafield ind1=" " ind2=" " tag="245"><subfield code="a">Molecular microwave spectra tables</subfield></datafield><datafield ind1=" " ind2=" " tag="260"><subfield code="a">Washington, U.S. Government Printing Off, 1952, 127p</subfield></datafield><datafield ind1=" " ind2=" " tag="490"><subfield code="a">Nbs Circular 518</subfield></datafield><datafield ind1=" " ind2=" " tag="852"><subfield code="a">17676</subfield></datafield></record></collection>